%% This BibTeX bibliography file was created using BibDesk.
%% http://bibdesk.sourceforge.net/


%% Created for Thomas Griffiths at 2014-01-07 14:51:15 +1100


%% Saved with string encoding Unicode (UTF-8)

@book{Abramowitz1972,
  title={Handbook of Mathematical Functions with Formulas, Graphs, and Mathematical Tables},
  author={Abramowitz, M. and Stegun, I.~A.},
  year={1972},
  publisher={U.S. Government Printing Office}
}

@article{Ananthanarayanan1980,
	title = {Retractable and extendible bonds: the Canadian experience},
	author = {Ananthanarayanan, A.~L. and Schwartz, E.~S.},
	journal = {The Journal of Finance},
	volume = {35},
	number = {1},
	pages = {31--47},
	year = {1980}
}

@article{Andersen2000,
	title = {Jump-diffusion processes: volatility smile fitting and numerical methods for option pricing},
	author = {Andersen, L. and Andreasen, J.},
	journal = {Review of Derivatives Research},
	volume = {4},
	number = {3},
	pages = {231--262},
	year = {2000}
}

@article{Armin1993,
	title = {Jump diffusion option valuation in discrete time},
	author = {Armin, K.~I.},
	journal = {Journal of Finance},
	volume = {48},
	number = {5},
	pages = {1833--1863},
	year = {1993}
}

@book{cannon1984one,
  title={{The One-Dimensional Heat Equation}},
  author={Cannon, J.R.},
  series={Encyclopedia of Mathematics and its Applications},
  year={1984},
  publisher={Cambridge University Press}
}

@book{Churchill1938,
  title={Introduction to Fourier Series and Boundary Value Problems},
  author={Churchill, R.V.},
  year={1938},
  publisher={Edwards Bros.}
}

@article{Ball1985,
	title = {On jumps in common stock prices and their impact on call option pricing},
	author = {Ball, C.~A. and Torous, W.~N.},
	journal = {Journal of Finance},
	volume = {40},
	number = {1},
	pages = {155--173},
	year = {1985}
}

@article{Barone1987,
	title = {Efficient analytic approximation of American option values},
	author = {Barone-Adesi, G. and Whaley, R.~E.},
	journal = {The Journal of Finance},
	volume = {42},
	number = {2},
	pages = {301--320},
	year = {1987}
}

@article{Bharadia1996,
  title={Computing the Black-Scholes implied volatility: Generalization of a simple formula},
  author={Bharadia, M.~A.~J. and Christofides, N. and Salkin, G.~R.},
  journal={Advances in Futures and Options Research},
  volume={8},
  pages={15--30},
  year={1995}
}


@article{Black1973,
	Title = {{The pricing of options and corporate liabilities}},
	Author = {Black, F. and Scholes, M.},
	Year = {1973},
	Journal = {The Journal of Political Economy},
	Volume = {81},
	Number= {3},
	Pages = {637--654}
}

@article{Brown1986,
	Title = {{The empirical implications of the Cox, Ingersoll, Ross Theory of the term structure of interest rates}},
	Author = {Brown, S. and Dybvig, P.},
	Year = {1986},
	Journal = {Journal of Finance},
	Volume = {41},
	Number= {3},
	Pages = {617--630}
}

@techreport{Bos2002,
	Title = {{Finessing fixed dividends}},
	Author = {Bos, M. and Vandermark, S.},
	Year = {2002},
	Institution = {Risk Magazine},
	Month = {9},
	Pages = {157--158}
}

@article{Bowling2009,
  title={A logistic approximation to the cumulative normal distribution},
  author={Bowling, S.~R. and Khasawneh, M.~T. and Kaewkuekool, S. and Cho, B.~R.},
  journal={Journal of Industrial Engineering and Management},
  volume={2},
  number={1},
  pages={114--127},
  year={2009}
}

@book{Bracewell2000,
  title={The Fourier Transform and Its Applications},
  author={Bracewell, R.N.},
  series={Electrical engineering series},
  year={2000},
  publisher={McGraw Hill}
}

@article{Breen1991,
	title = {The accelerated binomial option pricing model},
	author = {Breen, R.},
	journal = {Journal of Finance and Quantitative Analysis},
	volume = {26},
	number = {2},
	year = {1991},
	pages = {153--164}
}

@article{Brennan1977,
	title = {Savings bonds, retractable bonds and callable bonds},
	author = {Brennan, M.~J. and Schwartz, E.~S.},
	journal = {Journal of Financial Economics},
	volume = {5},
	number = {1},
	year = {1977},
	pages = {67--88}
}

@article{Brenner1988,
  title={A simple formula to compute the implied standard deviation},
  author={Brenner, M. and Subrahmanyan, M.~G.},
  journal={Financial Analysts Journal},
  volume={44},
  number={5},
  pages={80--83},
  year={1988},
}

@article{Bunch1992,
	title = {A simple and numerically efficient valuation method for American puts using a modified Geske-Johnson approach},
	author = {Bunch, D.~S. and Johnson, H.},
	journal = {Journal of Finance},
	volume = {47},
	number = {2},
	year = {1992},
	pages = {809--816}
}

@article{Carr2007,
	title = {On the numerical evaluation of option prices in jump-diffusion processes},
	author = {Carr, P. and Mayo, A.},
	journal = {European Journal of Finance},
	volume = {13},
	number = {4},
	year = {2007},
	pages = {357--372}
}

@article{Chambers2001,
  title={An improved approach to computing implied volatility},
  author={Chambers, D.~R. and Nawalkha, S.~K.},
  journal={Financial Review},
  volume={36},
  number={3},
  pages={89--100},
  year={2001}
}

@article{Chance1996,
  title={A generalized simple formula to compute the implied volatility},
  author={Chance, D.~M.},
  journal={Financial Review},
  volume={31},
  number={4},
  pages={859--867},
  year={1996},
}

@article{Chang2001,
	title = {Richardson extrapolation techniques for the pricing of American-style options},
	author = {Chang, C.-C. and Chung, S.-L. and Stapleton, R.~C.},
	journal = {Journal of Futures Markets},
	volume = {28},
	number = {8},
	year = {2001},
	pages = {791--817}
}

@article{Chargoy2006,
  title={A note on Black--Scholes implied volatility},
  author={Chargoy-Corona, J. and Ibarra-Valdez, C.},
  journal={Physica A: Statistical Mechanics and its Applications},
  volume={370},
  number={2},
  pages={681--688},
  year={2006},
}
	
@article{Cheang2011,
	title = {A modern view on Merton's jump-diffusion model},
	author = {Cheang, G.~H.~L. and Chiarella, C.},
	journal = {Research Paper},
	number = {287},
	year = {2011},
}

@article{Chen2014,
  title={On implied volatility for options -- Some reasons to smile and more to correct},
  author={Chen, S.~X. and Xu, Z.},
  journal={Journal of Econometrics},
  volume={179},
  number={1},
  pages={1--15},
  year={2014}
}



@article{Chiarella2004,
  title={{A survey of the integral representation of American option prices}},
  author={Chiarella, C. and Ziogas, A. and Kucera, A.},
  year={2004},
  journal={Quantitative Finance Research Centre, University of Technology Sydney, Research Paper No. 118}
}

@article{Chiarella2006,
  title={{A Fourier transform analysis of the American call option on assets driven by jump-diffusion processes}},
  author={Chiarella, C. and Ziogas, A.},
  year={2006},
  journal={Quantitative Finance Research Centre, University of Technology Sydney, Research Paper No. 174}
}

@book{Chiarella2010,
  title={Contemporary Quantitative Finance: Essays in Honour of Eckhard Platen},
  author={Chiarella, C. and Novikov, A.},
  isbn={9783642034794},
  lccn={2010930919},
  url={https://books.google.com.au/books?id=sQNHAAAAQBAJ},
  year={2010},
  publisher={Springer Berlin Heidelberg}
}


@book{Chiarella2014,
  title={The Numerical Solution of the American Option Pricing Problem: Finite Difference and Transform Approaches},
  author={Chiarella, C. and Kang, B. and Meyer, G.~H.},
  year={2014},
  publisher={World Scientific Publishing Company Pte Limited}
}

@book{Chin2017,
  title={Problems and Solutions in Mathematical Finance: Equity Derivatives},
  author={Chin, E. and Nel, D. and {\~A}lafsson, S.},
  number={v. 2},
  year={2017},
  publisher={Wiley}
}



@inproceedings{Choi2011,
  title={Option implied volatility estimation: a computational intelligent approach},
  author={Choi, S. and Dong, G. and Lai, K.~K.},
  booktitle={Computational Sciences and Optimization (CSO), 2011 Fourth International Joint Conference on},
  pages={545--547},
  year={2011},
  organization={IEEE}
}

@book{Cohen2008,
  title={Number Theory: Volume II: Analytic and Modern Tools},
  author={Cohen, H.},
  series={Graduate Texts in Mathematics},
  year={2008},
  publisher={Springer New York}
}
    
@incollection{Cont2001,
  title={Deformation of implied volatility surfaces: an empirical analysis},
  author={Cont, R. and da Fonseca, J.},
  booktitle={Empirical Science of Financial Fluctuations},
  pages={230--239},
  year={2002},
  publisher={Springer}
}

@article{Cont2002,
	title = {Dynamics of implied volatility surfaces},
	author = {Cont, R. and da Fonseca, J.},
	journal = {Quantitative Finance},
	volume = {2},
	number = {1},
	year = {2002},
	pages = {45--60}
}

@book{Cont2004,
  title={Financial Modelling with Jump Processes},
  author={Cont, R. and Tankov, P.},
  series={Chapman and Hall/CRC Financial Mathematics Series},
  year={2003},
  publisher={CRC Press}
}

@article{Corrado1996,
  title={A note on a simple, accurate formula to compute implied standard deviations},
  author={Corrado, C.~J. and Miller, T.~W.},
  journal={Journal of Banking \& Finance},
  volume={20},
  number={3},
  pages={595--603},
  year={1996},
}

@article{Cox1979,
	title = {Option pricing: a simplified approach},
	author = {Cox, J.~C. and Ross, S. and Rubinstein, M.},
	journal = {Journal of Financial Economics},
	volume = {7},
	number = {3},
	year = {1979},
	pages = {229--263}
}

@book{Cox1985,
  title={Options markets},
  author={Cox, J~.C. and Rubinstein, M.},
  year={1985},
  publisher={Prentice Hall}
}

@article{Cruz2002,
	title = {{Semigroup theory applied to options}},
	author = {Cruz-B\'aez, D. and Gonz\'alez-Rodr\'iguez, J.},
	journal = {Journal of Applied Mathematics},
	volume = {2},
	number = {3},
	year = {2002}
}

@techreport{Curtis1988,
  title={Estimating implied volatility directly from ``nearest-to-the-money'' commodity option premiums},
  author={Curtis, C.~E. and Carriker, G.~L.},
  year={1988},
	Institution = {Department of Agricultural and Applied Economics, Clemson University},
}

@article{dHalluin2004,
	title = {A penalty method for American options with jump diffusion processes},
	author = {d'Halluin, Y. and Forsyth, P.~A. and Labahn, G.},
	journal = {Numerische Mathematik},
	volume = {97},
	number = {2},
	year = {2004},
	pages = {321--352}
}
 
 @article{Dumas1998,
	title = {Implied volatility functions: empirical tests},
	author = {Dumas, B. and Fleming, J. and Whaley, R.~E.},
	journal = {The Journal of Finance},
	volume = {8},
	number = {6},
	year = {1998},
	pages = {2059--2106}
}

@article{Dupire1994,
	title = {Pricing with a smile},
	author = {Dupire, B.},
	journal = {RISK},
	volume = {7},
	number = {1},
	year = {1994},
	pages = {18--20}
}

@article{Epstein1948,
	title = {{Some applications of the Mellin transform in statistics}},
	author = {Epstein, B.},
	year = {1948},
	journal = {The Annals of Mathematical Statistics},
	volume = {19},
	number = {3},
	pages = {370--379}
}

@techreport{Feinstein1988,
  title={A source of unbiased implied volatility forecasts},
  author={Feinstein, S.~P.},
  year={1988},
  institution={Federal Reserve Bank of Atlanta}
}

@article{Feng2008,
	title = {{Pricing options in jump-diffusion models: An extrapolation approach}},
	author = {Feng, L. and Linetsky, V.},
	year = {2008},
	journal = {Operations Research},
	volume = {56},
	number = {2},
	pages = {304--325}
}

@article{Forsyth2002,
	title = {Quadratic convergence for valuing American options using a penalty method},
	author = {Forsyth, P.~A. and Vetzal, K.~R.},
	journal = {Society for Industrial and Applied Mathematics},
	volume = {23},
	number = {6},
	year = {2002},
	pages = {2095--2122}
}

@book{Friedberg2006,
  title={Multiple Dirichlet Series, Automorphic Forms, and Analytic Number Theory: Proceedings of the Bretton Woods Workshop on Multiple Dirichlet Series, Bretton Woods, New Hampshire, July 11-14, 2005},
  author={Friedberg, S.},
  series={Proceedings of symposia in pure mathematics},
  year={2006},
  publisher={American Mathematical Society}
}

@article{Frontczak2013,
	authors = {Frontczak, R.},
	title ={Pricing options in jump-diffusion models using Mellin transforms},
	journal = {Journal of Mathematical Finance},
	volume = {3},
	pages = {366--373},
	year = {2013},
	number = {3}
}

@article{Geske1977,
	authors = {Geske, R.},
	title ={The valuation of corporate liabilities as compound options},
	journal = {Journal of Financial and Quantitative Analysis},
	volume = {12},
	pages = {541--552},
	year = {1977},
	number = {4}
}

@article{Geske1979,
	authors = {Geske, R.},
	title ={The valuation of compound options},
	journal = {Journal of Financial Economics},
	volume = {7},
	pages = {63--81},
	year = {1979},
	number = {1}
}

@article{Geske1979b,
	author = {Geske, R.},
	title ={A note on an analytical valuation formula for unprotected American call options on stocks with known dividends},
	journal = {Journal of Financial Economics},
	volume = {7},
	pages = {375--380},
	year = {1979},
	number = {4}
}

@book{Gatheral2006,
  title={The Volatility Surface: A Practitioner's Guide},
  author={Gatheral, J. and Taleb, N.~N.},
  year={2006},
  publisher={Wiley}
}


@article{Geske1984,
	authors = {Geske, R. and Johnson, H.~E.},
	title ={The American put option valued analytically},
	journal = {Journal of Finance},
	volume = {39},
	pages = {1511--1524},
	year = {1984},
	number = {5}
}

@article{Gibson2001,
  title={Incorporating event risk into value-at-risk},
  author={Gibson, M.~S},
  year={2001},
  publisher={FEDS Discussion Paper}
}

@article{Genz2004,
  title={Numerical computation of rectangular bivariate and trivariate normal and t probabilities},
  author={Genz, A.},
  year={2004},
  journal = {Statistics and Computing},
  volume = {14},
  number = {3},
  pages = {251--260}
}


@book{Glasserman2013,
  title={{Monte Carlo Methods in Financial Engineering}},
  author={Glasserman, P.},
  series={Stochastic Modelling and Applied Probability},
  year={2013},
  publisher={Springer New York}
}

@article{Gukhal2001,
	title = {Analytical valuation of American options on jump-diffusion processes},
	author = {Gukhal, C.~R.},
	journal = {Mathematical Finance},
	year = {2001},
	volume = {11},
	number = {1},
	pages = {97--115}
}

@article{Gukhal2003,
	title = {The compound option approach to American options on jump-diffusion},
	author = {Gukhal, C.~R.},
	journal = {Journal of Economic Dynamics and Control},
	year = {2003},
	volume = {28},
	number = {10},
	pages = {2055--2074}
}

@article{Heynen1994,
	title = {An empirical investigation of observed smile patterns},
	author = {Heynen, R.},
	journal = {Review of Future Markets},
	year = {1994},
	volume = {13},
	number = {2},
	pages = {317--353}
}

@book{Higham2004,
  title={An introduction to financial option valuation: mathematics, stochastics and computation},
  author={Higham, D.},
  volume={13},
  year={2004},
  publisher={Cambridge University Press}
}

@article{Hilliard2005,
	title = {Pricing European options and American derivatives under a jump-diffusion process: a bivariate tree approach},
	author = {Hilliard, J. and Schwartz, A.},
	journal = {Journal of Financial and Quantitative Analysis},
	year = {2005},
	volume = {40},
	number = {3},
	pages = {617--691}
}

@article{Ho1997,
	title = {The valuation of American options with stochastic interest rates: a generalization of the Geske-Johnson technique},
	author = {Ho, T.~S. and Stapleton, R.~C. and Subrahmanyam, M.~G.},
	journal = {Journal of Finance},
	year = {1997},
	volume = {52},
	number = {2},
	pages = {827--840}
}

@article{Huang1996,
	title = {Pricing and hedging American options: a recursive integration method},
	author = {Huang, J. and Subrahmanyam, M. and Yu, G.},
	journal = {Review of Financial Studies},
	year = {1996},
	volume = {9},
	number = {1},
	pages = {277--300}
}

@book{Hull1989,
  title={{Options, Futures, and Other Derivatives}},
  author={Hull, J.},
  year={1989},
  publisher={Prentice Hall}
}


@article{Ivic2001,
  title={{The Mellin transform of powers of the zeta-function}},
  author={Ivic, Aleksandar and Jutila, Matti and Motohashi, Yoichi},
  journal={ACTA ARITHMETICA-WARSZAWA-},
  volume={95},
  number={4},
  pages={305--342},
  year={2001},
  publisher={THE INSTITUTE OF MATHEMATICS}
}

@article{Jamshidian1992,
	author = {Jamshidian, F.},
	title = {{An analysis of American options}},
	year = {1992},
	journal = {Review of Futures Markets},
	volume = {11},
	number = {1},
	pages = {72--80}
}

@article{Jarrow1984,
	author = {Jarrow, R. and Rosenfeld, E.},
	title = {{Jump risks and the intertemporal capital asset pricing model}},
	year = {1984},
	journal = {Journal of Business},
	volume = {57},
	number = {3},
	pages = {337--351}
}
	

@book{Jeff1995,
	author = {Jeffrey, A.},
	year={1995},
	title={{Handbook of Mathematical Formulas and Integrals}},
	publisher={Academic Press}
}

@book{Jiang2005,
  title={Mathematical Modeling and Methods of Option Pricing},
  author={Jiang, L. and Li, C.},
  year={2005},
  publisher={World Scientific}
}


@article{Jodar2005,
	author = {J\'odar, L. and Sevilla-Peris, P. and Cort\'es, J.~C. and Sala, R.},
	title = {{A new direct method for solving the Black-Scholes equation}},
	journal = {Applied Mathematics Letters},
	volume = {18},
	number = {1},
	year = {2005}
}

@article{Kallast2003,
	author = {Kallast, S. and Kivinukk, A.},
	title = {Pricing and hedging American options using approximations by Kim Integral Equations},
	journal = {European Finance Review},
	volume = {7},
	number = {2},
	pages = {361--383},
	year = {2003}
}

@book{Kijima2002,
  title={Stochastic Processes with Applications to Finance},
  author={Kijima, M.},
  year={2002},
  publisher={Chapman \& Hall/CRC}
}

@book{Kishan2007,
  title={Differential Calculus},
  author={Kishan, H.},
  year={2007},
  publisher={Atlantic Publishers \& Distributors (P) Limited}
}


@article{Kou2002,
	author = {Kou, S.},
	title = {A jump-diffusion model for option pricing},
	journal = {Management Science},
	volume = {48},
	number = {8},
	pages = {1086--1101},
	year = {2002}
}

@article{Kou2004,
	author = {Kou, S. and Wang, H.},
	title = {Option pricing under a double exponential jump-diffusion model},
	journal = {Management Science},
	volume = {50},
	number = {9},
	pages = {1178--1192},
	year = {2004}
}

@book{Kwok2008,
  title={{Mathematical Models of Financial Derivatives}},
  author={Kwok, Y.~K.},
  series={Springer Finance},
  year={2008},
  publisher={Springer Berlin Heidelberg}
}

@article{Kim1990,
	Author = {Kim, I.~J.},
	Title = {{The analytical valuation of American options}},
	year = {1990},
	journal = {Review of Financial Studies},
	volume = {3},
	number = {4},
	pages = {547--572}
}

@article{Latane76,
  title={Standard deviations of stock price ratios implied in option prices},
  author={Latan\'e, H.~A. and Rendleman, R.~J.},
  journal={The Journal of Finance},
  volume={31},
  number={2},
  pages={369--381},
  year={1976},
}

@inproceedings{Li2005,
  title={The valuation of compound options on jump-diffusions with time-dependent parameters},
  author={Li, R. and Meng, H. and Dai, Y.},
  booktitle={Proceedings of ICSSSM'05. 2005 International Conference on Services Systems and Services Management, 2005.},
  volume={2},
  pages={1290--1294},
  year={2005},
  organization={IEEE}
}


@article{Longstaff1990,
	author = {Longstaff, F.~A.},
	title = {Pricing options with extendible maturities: analysis and applications},
	journal = {Journal of Finance},
	year = {1990},
	volume = {45},
	pages = {935--957},
	number = {3}
}

@article{Manaster1982,
  title={The calculation of implied variances from the Black-Scholes model: A note},
  author={Manaster, S. and Koehler, G.},
  journal={The Journal of Finance},
  volume={37},
  number={1},
  pages={227--230},
  year={1982},
}

@article{McKean1965,
	author = {McKean, H.~P.},
	title = {Appendix: A free boundary problem for the heat equation arising from a problem in mathematical economics},
	journal = {Industrial Management Review},
	year = {1965},
	volume = {6},
	pages = {32--39},
	number = {2}
}

@article{Merton1973b,
	author = {Merton, R.~C.},
	title = {{Theory of rational option pricing}},
	year = {1973},
	journal = {Bell Journal of Economics and Management Science},
	volume = {4},
	number = {1},
	pages = {141--183}
}

@article{Mellin1904,
	author = {Mellin, H.},
	title = {{Die Dirichletschen Reihen, die zahlentheoretischen Funktionen und die endlichen
Produkte von endlichem Geshlecht}},
	year = {1904},
	journal = {Acta Math},
	volume = {28},
	pages = {37--64}
}

@article{Merton1976,
	author = {Merton, R.~C.},
	title = {{Option pricing when underlying stock returns are discontinuous}},
	year = {1976},
	journal = {Journal of Financial Economics},
	volume = {3},
	number = {1--2},
	pages = {125--144}
}

@book{Montgomery2007,
  title={Multiplicative Number Theory I: Classical Theory},
  author={Montgomery, H.~L. and Vaughan, R.~C.},
  series={Cambridge Studies in Advanced Mathematics},
  year={2007},
  publisher={Cambridge University Press}
}

@book{Musiela1997,
  title={Martingale Methods in Financial Modelling},
  author={Musiela, M. and Rutkowski, M.},
  year={1997},
  publisher={Springer Berlin Heidelberg}
}

@book{Myint1987,
  title={Partial differential equations for scientists and engineers},
  author={Myint-U, T~.M. and Debnath, L.},
  year={1987},
  publisher={North Holland}
}


@article{Omberg1987,
	author = {Omberg, E.},
	title = {{A note on convergence of binomial-pricing and compound-option models}},
	journal = {Journal of Finance},
	year = {1987},
	volume = {42},
	number = {2},
	pages = {463--469}
}	

@article{Panini2003,
	author = {Panini, R. and Srivastav, R.~P.},
	title = {{Option pricing with Mellin transforms}},
	journal = {Mathematical and Computer Modelling},
	year = {2004},
	volume = {40},
	number = {1--2},
	pages = {43--56}
}

@inproceedings{Park2011,
  title={Implied volatility surface estimation using transductive Gaussian fields regression},
  author={Park, H.~J. and Lee, D.~W. and Lee, J.~W.},
  booktitle={Key Engineering Materials},
  volume={467},
  pages={1781--1786},
  year={2011},
  organization={Trans Tech Publ}
}

@article{Pham1997,
	author = {Pham, H.},
	title = {Optimal stopping, free boundary, and American option in a jump-diffusion model},
	journal = {Applied Mathematics \& Optimization},
	year = {1997},
	volume = {35},
	pages = {145--164},
	number = {2}
}

@book{Platen2010,
  title={Numerical Solution of Stochastic Differential Equations with Jumps in Finance},
  author={Platen, E. and Bruti-Liberati, N.},
  series={Stochastic Modelling and Applied Probability},
  year={2010},
  publisher={Springer Berlin Heidelberg}
}

@book{Press1992,
  title={Numerical Recipes in C: The Art of Scientific Computing},
  author={Press, W. and Teukolsky, S. and Vetterling, W. and Flannery, B.},
  year={1992},
  publisher={Cambridge University Press}
}

@article{Ramezani1998,
  title={Maximum likelihood estimation of asymmetric jump-diffusion processes: Application to security prices},
  author={Ramezani, C.~A and Zeng, Y.},
  year={1998}
}


@book{Rebonato1999,
  title={Volatility and Correlation: In the Pricing of Equity, FX and Interest-Rate Options},
  author={Rebonato, R.},
  series={Wiley Series in Financial Engineering},
  year={1999},
  publisher={Wiley}
}


@article{Rodrigo2006,
	author = {Rodrigo, M.~R. and Mamon, R.},
	title = {{An application of Mellin transform techniques to a Black-Scholes equation problem}},
	journal = {Analysis and Applications},
	volume = {5},
	number = {1},
	year = {2007},
	pages = {51--66}
}

@article{Rodrigo2013,
	author = {Rodrigo, M.~R.},
	title = {{Approximate ordinary differential equations for the optimal exercise boundaries of American put and call options}},
	year = {2013},
	journal = {European Journal of Applied Mathematics},
	volume = {25},
	number = {1},
	pages = {27--43}
}

@book{Rogers1997,
	author = {Rogers, L.~C.~G. and Talay, D.},
	title = {{Numerical Methods in Finance}},
	year = {1997},
	publisher = {Cambridge University Press},
}

@article{Roll1977,
	author = {Roll, R.},
	title = {An analytic valuation formula for unprotected American call options on stocks with known dividends},
	journal = {Journal of Financial Economics},
	volume = {5},
	number = {2},
	pages = {251--258},
	year = {1977}
}


@phdthesis{Rosenfeld1980,
	author = {Rosenfled, E.},
	title = {{Stochastic processes of common stock returns: an empirical examination}},
	year = {1980}
}

@article{Sevcovic2001,
	author = {Sevcovic, D.},
	title = {Analysis of the free boundary for the pricing of an American call option},
	journal = {European Journal of Applied Mathematics},
	volume = {12},
	number = {1},
	pages = {25--37},
	year = {2001}
}

@article{SLi2005,
  title={A new formula for computing implied volatility},
  author={Li, S.},
  journal={Applied Mathematics and Computation},
  volume={170},
  number={1},
  pages={611--625},
  year={2005}
}



@book{Tavella2000,
	author = {Tavella, D. and Randall, C.},
	title = {{Pricing Financial Instruments: The Finite Difference Method}},
	year = {2000},
	publisher = {Wiley},
	series = {Wiley Series of Financial Engineering},
}

@article{Tilley1993,
	author = {Tilley, J.~A.},
	title = {Valuing American options in a path simulation model},
	year = {1993},
	volume = {45},
	number = {83},
	pages = {83--104},
	journal = {Transactions of the Society of Actuaries}
}

@book{Titchmarsh1948,
  title={Introduction to the Theory of Fourier Integrals},
  author={Titchmarsh, E.~C.},
  year={1948},
  publisher={Clarendon Press}
}

@book{Titchmarsh1986,
  title={The Theory of the Riemann Zeta-function},
  author={Titchmarsh, E.~C. and Heath-Brown, D.~R.},
  series={Oxford science publications},
  year={1986},
  publisher={Clarendon Press}
}

@book{Vecer2011,
  title={Stochastic Finance: A Numeraire Approach},
  author={Vecer, J.},
  year={2011},
  publisher={Chapman \& Hall/CRC}
}

@article{Veiga2009,
	author = {Veiga, C. and Wystup, U.},
	title = {Closed formula for options with discrete dividends and its derivatives},
	year = {2009},
	volume = {16},
	number = {6},
	pages = {517--531},
	journal = {Applied Mathematical Finance}
}
@book{Vine2011,
  title={Options: Trading Strategy and Risk Management},
  author={Vine, S.},
  year={2011},
  publisher={Wiley}
}


@article{Whaley1982,
	author = {Whaley, R.~E.},
	title = {On the valuation of American call options on stocks with known dividends},
	year = {1982},
	volume = {10},
	number = {1},
	pages = {29--58},
	journal = {Journal of Financial Economics}
}



@book{Wilmott1993,
	author = {Wilmott, P. and Dewynne, J. and Howison, S.},
	Title = {{Option Pricing: Mathematical Models and Computation}},
	Publisher = {Oxford Financial Press},
	Year = {1993}
}

@book{Wilmott1995,
	Author = {Wilmott, P. and Howison, S. and Dewynne, J.},
	Title = {{The Mathematics of Financial Derivatives: A Student's Introduction}},
	Publisher = {Cambridge University Press},
	Year = {1995}
}

@incollection{Zhang2014,
  title={Computing implied volatilities for exchange-traded options on dividend-paying stocks},
  author={Zhang, N. and Man, K.~L.},
  booktitle={Transactions on Engineering Technologies},
  pages={111--123},
  year={2014},
  publisher={Springer}
}

@article{Zhylyevskyy2010,
	author = {Zhylyevskyy, O.},
	title = {A fast Fourier transform technique for pricing American options under stochastic volatility},
	year = {2010},
	volume = {13},
	number = {1},
	pages = {1--24},
	journal = {Review of Derivatives Research}
}

@book{Zwillinger1998,
  title={Handbook of Differential Equations},
  author={Zwillinger, D.},
  number={v. 1},
  year={1998},
  publisher={Academic Press}
}


@article{hori1973,
	Abstract = {(sea pansy) luciferin and certain of its synthetic analogues produce a brilliant blue chemiluminescence when dissolved in organic solvents such as dimethylformamide; we have examined the chemistry of this reaction and have identified the product excited state responsible for the luminescence.},
	Author = {Hori, Kazuo and Wampler, John E. and Cormier, Milton J.},
	Date-Added = {2012-07-25 10:38:18 +0000},
	Date-Modified = {2012-07-25 10:38:18 +0000},
	Doi = {10.1039/C39730000492},
	Issue = {14},
	Journal = {J. Chem. Soc.{,} Chem. Commun.},
	Pages = {492--493},
	Publisher = {The Royal Society of Chemistry},
	Title = {{Chemiluminescence of Renilla (sea pansy) Luciferin and its Analogues}},
	Url = {http://dx.doi.org/10.1039/C39730000492},
	Year = {1973},
	Bdsk-File-1 = {YnBsaXN0MDDUAQIDBAUGJCVYJHZlcnNpb25YJG9iamVjdHNZJGFyY2hpdmVyVCR0b3ASAAGGoKgHCBMUFRYaIVUkbnVsbNMJCgsMDxJXTlMua2V5c1pOUy5vYmplY3RzViRjbGFzc6INDoACgAOiEBGABIAFgAdccmVsYXRpdmVQYXRoWWFsaWFzRGF0YV8Qci4uLy4uL0RvY3VtZW50cy9QaEQvcGFwZXJzL2hvcmkvaG9yaTE5NzNjaGVtaWx1bWluZXNjZW5jZSBvZiByZW5pbGxhIChzZWEgcGFuc3kpIGx1Y2lmZXJpbiBhbmQgaXRzIGFuYWxvZ3Vlcy0wLnBkZtIXCxgZV05TLmRhdGFPEQKWAAAAAAKWAAIAAAxNYWNpbnRvc2ggSEQAAAAAAAAAAAAAAAAAAADK7JcASCsAAAF6DZwfaG9yaTE5NzNjaGVtaWx1bWluZXMjRjIzMDBFLnBkZgAAAAAAAAAAAAAAAAAAAAAAAAAAAAAAAAAAAAAAAAAAAPIwDsu3mG4AAAAAAAAAAAACAAUAAAkgAAAAAAAAAAAAAAAAAAAABGhvcmkAEAAIAADK6/xQAAAAEQAIAADLtwvOAAAAAQAYAXoNnAAu+24AEs7bAAUfuwAFH7oAAMBDAAIAYk1hY2ludG9zaCBIRDpVc2VyczoAdGhvbWFzZ3JpZmZpdGhzOgBEb2N1bWVudHM6AFBoRDoAcGFwZXJzOgBob3JpOgBob3JpMTk3M2NoZW1pbHVtaW5lcyNGMjMwMEUucGRmAA4ApgBSAGgAbwByAGkAMQA5ADcAMwBjAGgAZQBtAGkAbAB1AG0AaQBuAGUAcwBjAGUAbgBjAGUAIABvAGYAIAByAGUAbgBpAGwAbABhACAAKABzAGUAYQAgAHAAYQBuAHMAeQApACAAbAB1AGMAaQBmAGUAcgBpAG4AIABhAG4AZAAgAGkAdABzACAAYQBuAGEAbABvAGcAdQBlAHMALQAwAC4AcABkAGYADwAaAAwATQBhAGMAaQBuAHQAbwBzAGgAIABIAEQAEgCCVXNlcnMvdGhvbWFzZ3JpZmZpdGhzL0RvY3VtZW50cy9QaEQvcGFwZXJzL2hvcmkvaG9yaTE5NzNjaGVtaWx1bWluZXNjZW5jZSBvZiByZW5pbGxhIChzZWEgcGFuc3kpIGx1Y2lmZXJpbiBhbmQgaXRzIGFuYWxvZ3Vlcy0wLnBkZgATAAEvAAAVAAIAFv//AACABtIbHB0eWiRjbGFzc25hbWVYJGNsYXNzZXNdTlNNdXRhYmxlRGF0YaMdHyBWTlNEYXRhWE5TT2JqZWN00hscIiNcTlNEaWN0aW9uYXJ5oiIgXxAPTlNLZXllZEFyY2hpdmVy0SYnVHJvb3SAAQAIABEAGgAjAC0AMgA3AEAARgBNAFUAYABnAGoAbABuAHEAcwB1AHcAhACOAQMBCAEQA6oDrAOxA7wDxQPTA9cD3gPnA+wD+QP8BA4EEQQWAAAAAAAAAgEAAAAAAAAAKAAAAAAAAAAAAAAAAAAABBg=},
	Bdsk-Url-1 = {http://dx.doi.org/10.1039/C39730000492}}

@book{pericles,
	Author = {Shakespeare, W},
	Date-Added = {2012-07-25 08:07:42 +0000},
	Date-Modified = {2012-07-25 08:13:07 +0000},
	Title = {{Pericles, Prince of Tyre}}}

@book{bioluminescence,
	Author = {Shimomura, Osamu},
	Date-Added = {2012-07-25 08:07:42 +0000},
	Date-Modified = {2012-07-25 08:07:42 +0000},
	Publisher = {World Scientific},
	Read = {1},
	Subtitle = {{Chemical Principles and Methods}},
	Title = {{Bioluminescence}},
	Year = {2008}}

@inbook{bioluminescence:apA,
	Appendix = {A, Taxonomic Classification of Selected Luminous Organisms},
	Chapter = {Taxonomic Classification of Selected Luminous Organisms},
	Crossref = {bioluminescence},
	Date-Added = {2012-07-25 08:07:42 +0000},
	Date-Modified = {2012-07-25 08:13:28 +0000},
	Pages = {333--339}}

@inbook{bioluminescence:ch1,
	Chapter = {1, Fireflies and Luminous Insects},
	Crossref = {bioluminescence},
	Date-Added = {2012-07-25 08:07:42 +0000},
	Date-Modified = {2012-07-25 08:07:42 +0000},
	Pages = {1--29}}

@book{atkins_inorgchem,
	Author = {Atkins, Peter and Overton, Tina and Rourke, Jonothan and Weller, Mark and Armstrong, Fraser},
	Date-Added = {2012-07-25 08:07:42 +0000},
	Date-Modified = {2012-07-25 08:07:42 +0000},
	Edition = {4th},
	Publisher = {Oxford University Press},
	Title = {{Inorganic Chemistry}},
	Year = {2006}}

@book{atkins_physchem,
	Author = {Atkins, Peter and De Paula, Julio},
	Date-Added = {2012-07-25 08:07:42 +0000},
	Date-Modified = {2012-07-25 08:07:42 +0000},
	Edition = {8th},
	Publisher = {Oxford University Press},
	Title = {{Atkins' Physical Chemistry}},
	Year = {2006}}

@book{clayden_orgchem,
	Author = {Clayden, Jonathan and Greeves, Nick and Warren, Stuart and Wothers, Peter},
	Date-Added = {2012-07-25 08:07:42 +0000},
	Date-Modified = {2012-07-25 08:07:42 +0000},
	Publisher = {Oxford University Press},
	Title = {{Organic Chemistry}},
	Year = {2006}}

@misc{oxfordchem,
	Date-Added = {2012-07-25 08:07:42 +0000},
	Date-Modified = {2012-07-25 08:07:42 +0000},
	Publisher = {Oxford University Press},
	Title = {{Oxford Dictionary of Chemistry}},
	Volume = {1},
	Year = {1996}}

@book{thekingsenglish,
	Author = {Fowler, H. W. and Fowler, F. G.},
	Date-Added = {2012-07-25 08:07:42 +0000},
	Date-Modified = {2012-07-25 08:07:42 +0000},
	Edition = {3rd},
	Title = {{The King's English}},
	Year = {1958}}
